<record><leader>00000cas a2200000 a 4500</leader><controlfield tag="001">12714531</controlfield><controlfield tag="008">851024d18521861vaudr ne      0    0eng c</controlfield><datafield ind1=" " ind2=" " tag="010"><subfield code="a">sn 85034360 </subfield></datafield><datafield ind1=" " ind2=" " tag="040"><subfield code="a">NPU</subfield><subfield code="b">eng</subfield><subfield code="c">NPU</subfield><subfield code="d">NPY</subfield><subfield code="d">KNP</subfield><subfield code="d">MQN</subfield><subfield code="d">NVK</subfield><subfield code="d">NVF</subfield><subfield code="d">NVK</subfield><subfield code="d">OCLCQ</subfield><subfield code="d">OCLCF</subfield><subfield code="d">OCLCO</subfield></datafield><datafield ind1="1" ind2=" " tag="029"><subfield code="a">AU@</subfield><subfield code="b">000020104101</subfield></datafield><datafield ind1=" " ind2=" " tag="042"><subfield code="a">pcc</subfield></datafield><datafield ind1=" " ind2=" " tag="043"><subfield code="a">n-us-va</subfield></datafield><datafield ind1="0" ind2=" " tag="130"><subfield code="a">Lynchburg daily Virginian (Lynchburg, Va. : 1852)</subfield></datafield><datafield ind1="1" ind2="0" tag="245"><subfield code="a">Lynchburg daily Virginian.</subfield></datafield><datafield ind1=" " ind2=" " tag="260"><subfield code="a">Lynchburg [Va.] :</subfield><subfield code="b">Terry &amp; Shields,</subfield><subfield code="c">1852-</subfield></datafield><datafield ind1=" " ind2=" " tag="300"><subfield code="a">v.</subfield></datafield><datafield ind1=" " ind2=" " tag="310"><subfield code="a">Daily (except Sun.)</subfield></datafield><datafield ind1="0" ind2=" " tag="362"><subfield code="a">Vol. 1, no. 1 (Aug. 10, 1852)-</subfield></datafield><datafield ind1="1" ind2=" " tag="362"><subfield code="a">Ceased in 1861.</subfield></datafield><datafield ind1=" " ind2=" " tag="500"><subfield code="a">Publisher varies: McDonald &amp; Peters, Feb. 7, 1854- ; Charles Button, April 24, 1857-</subfield></datafield><datafield ind1=" " ind2=" " tag="530"><subfield code="a">Available on microfilm from: Bell &amp; Howell, Inc.</subfield></datafield><datafield ind1=" " ind2=" " tag="588"><subfield code="a">Latest issue consulted: Vol. 9, no. 310 (July 31, 1861).</subfield></datafield><datafield ind1=" " ind2="0" tag="651"><subfield code="a">Lynchburg (Va.)</subfield><subfield code="v">Newspapers.</subfield></datafield><datafield ind1=" " ind2="7" tag="655"><subfield code="a">Newspapers.</subfield><subfield code="2">fast</subfield><subfield code="0">(OCoLC)fst01423814</subfield></datafield><datafield ind1=" " ind2="7" tag="651"><subfield code="a">Virginia</subfield><subfield code="z">Lynchburg.</subfield><subfield code="2">fast</subfield><subfield code="0">(OCoLC)fst01207740</subfield></datafield><datafield ind1=" " ind2=" " tag="752"><subfield code="a">United States</subfield><subfield code="b">Virginia</subfield><subfield code="d">Lynchburg.</subfield></datafield><datafield ind1="0" ind2=" " tag="775"><subfield code="t">Lynchburg Virginian (Lynchburg, Va. : 1855 : Triweekly)</subfield><subfield code="w">(DLC)sn 85034363</subfield></datafield><datafield ind1="0" ind2=" " tag="775"><subfield code="t">Lynchburg Virginian (Lynchburg, Va. : 1829)</subfield><subfield code="w">(DLC)sn 84024649</subfield></datafield><datafield ind1="0" ind2=" " tag="775"><subfield code="t">Lynchburg weekly Virginian (Lynchburg, Va. : 1860)</subfield><subfield code="w">(DLC)sn 99066943</subfield></datafield><datafield ind1="0" ind2="0" tag="785"><subfield code="t">Daily Lynchburg Virginian (Lynchburg, Va. : 1861)</subfield><subfield code="w">(DLC)sn 85034361</subfield></datafield></record>